@inproceedings{pilco,
    title={PILCO: A model-based and data-efficient approach to policy search},
    author={Deisenroth, Marc and Rasmussen, Carl E},
    booktitle={Proceedings of the 28th International Conference on machine learning (ICML-11)},
    pages={465--472},
    year={2011},
    organization={Citeseer}
}

@article {sindy,
    author = {Brunton, Steven L. and Proctor, Joshua L. and Kutz, J. Nathan},
    title = {Discovering governing equations from data by sparse identification of nonlinear dynamical systems},
    volume = {113},
    number = {15},
    pages = {3932--3937},
    year = {2016},
    doi = {10.1073/pnas.1517384113},
    publisher = {National Academy of Sciences},
    issn = {0027-8424},
    URL = {https://www.pnas.org/content/113/15/3932},
    eprint = {https://www.pnas.org/content/113/15/3932.full.pdf},
    journal = {Proceedings of the National Academy of Sciences}
}

@article{dmd,
    title={Dynamic mode decomposition of numerical and experimental data},
    author={Schmid, Peter J},
    journal={Journal of fluid mechanics},
    volume={656},
    pages={5--28},
    year={2010},
    publisher={Cambridge University Press}
}

@article{edmd,
    title={A data--driven approximation of the koopman operator: Extending dynamic mode decomposition},
    author={Williams, Matthew O and Kevrekidis, Ioannis G and Rowley, Clarence W},
    journal={Journal of Nonlinear Science},
    volume={25},
    number={6},
    pages={1307--1346},
    year={2015},
    publisher={Springer}
}

@article{dmdc,
    title={Dynamic mode decomposition with control},
    author={Proctor, Joshua L and Brunton, Steven L and Kutz, J Nathan},
    journal={SIAM Journal on Applied Dynamical Systems},
    volume={15},
    number={1},
    pages={142--161},
    year={2016},
    publisher={SIAM}
}

@article{sindyc,
    title={Sparse identification of nonlinear dynamics with control (SINDYc)},
    author={Brunton, Steven L and Proctor, Joshua L and Kutz, J Nathan},
    journal={IFAC-PapersOnLine},
    volume={49},
    number={18},
    pages={710--715},
    year={2016},
    publisher={Elsevier}
}

@article{deepsindy,
    author = {Champion, Kathleen and Lusch, Bethany and Kutz, J. Nathan and Brunton, Steven L.},
    title = {Data-driven discovery of coordinates and governing equations},
    volume = {116},
    number = {45},
    pages = {22445--22451},
    year = {2019},
    doi = {10.1073/pnas.1906995116},
    publisher = {National Academy of Sciences},
    issn = {0027-8424},
    URL = {https://www.pnas.org/content/116/45/22445},
    eprint = {https://www.pnas.org/content/116/45/22445.full.pdf},
    journal = {Proceedings of the National Academy of Sciences}
}

@inproceedings{deeppilco,
    title={Improving PILCO with Bayesian neural network dynamics models},
    author={Gal, Yarin and McAllister, Rowan and Rasmussen, Carl Edward},
    booktitle={Data-Efficient Machine Learning workshop, ICML},
    volume={4},
    number={34},
    pages={25},
    year={2016}
}

@article{imitation,
    title = {Is imitation learning the route to humanoid robots?},
    journal = {Trends in Cognitive Sciences},
    volume = {3},
    number = {6},
    pages = {233-242},
    year = {1999},
    issn = {1364-6613},
    doi = {https://doi.org/10.1016/S1364-6613(99)01327-3},
    url = {https://www.sciencedirect.com/science/article/pii/S1364661399013273},
    author = {Stefan Schaal},
    keywords = {Motor control, Learning, Imitation, Humanoid robot, Action-perception coupling, Mirror neurons},
}

@article{dense_objnet,
    author    = {Peter R. Florence and
                 Lucas Manuelli and
                 Russ Tedrake},
    title     = {Dense Object Nets: Learning Dense Visual Object Descriptors By and
                 For Robotic Manipulation},
    journal   = {CoRR},
    volume    = {abs/1806.08756},
    year      = {2018},
    url       = {http://arxiv.org/abs/1806.08756},
    eprinttype = {arXiv},
    eprint    = {1806.08756},
    timestamp = {Mon, 13 Aug 2018 16:46:55 +0200},
    biburl    = {https://dblp.org/rec/journals/corr/abs-1806-08756.bib},
    bibsource = {dblp computer science bibliography, https://dblp.org}
}

@INPROCEEDINGS{vision_touch,
    author={Lee, Michelle A. and Zhu, Yuke and Srinivasan, Krishnan and Shah, Parth and Savarese, Silvio and Fei-Fei, Li and Garg, Animesh and Bohg, Jeannette},
    booktitle={2019 International Conference on Robotics and Automation (ICRA)},
    title={Making Sense of Vision and Touch: Self-Supervised Learning of Multimodal Representations for Contact-Rich Tasks},
    year={2019},
    volume={},
    number={},
    pages={8943-8950},
    doi={10.1109/ICRA.2019.8793485}
}

@article{deep_visuomotor,
    author = {Levine, Sergey and Finn, Chelsea and Darrell, Trevor and Abbeel, Pieter},
    title = {End-to-End Training of Deep Visuomotor Policies},
    year = {2016},
    issue_date = {January 2016},
    publisher = {JMLR.org},
    volume = {17},
    number = {1},
    issn = {1532-4435},
    journal = {J. Mach. Learn. Res.},
    month = jan,
    pages = {1334â€“1373},
    numpages = {40},
    keywords = {neural networks, vision, optimal control, reinforcement learning}
}

@article{video_prediction,
    author    = {Chelsea Finn and
                 Ian J. Goodfellow and
                 Sergey Levine},
    title     = {Unsupervised Learning for Physical Interaction through Video Prediction},
    journal   = {CoRR},
    volume    = {abs/1605.07157},
    year      = {2016},
    url       = {http://arxiv.org/abs/1605.07157},
    eprinttype = {arXiv},
    eprint    = {1605.07157},
    timestamp = {Mon, 13 Aug 2018 16:48:41 +0200},
    biburl    = {https://dblp.org/rec/journals/corr/FinnGL16.bib},
    bibsource = {dblp computer science bibliography, https://dblp.org}
}

@article{dream_to_control,
    author    = {Danijar Hafner and
                 Timothy P. Lillicrap and
                 Jimmy Ba and
                 Mohammad Norouzi},
    title     = {Dream to Control: Learning Behaviors by Latent Imagination},
    journal   = {CoRR},
    volume    = {abs/1912.01603},
    year      = {2019},
    url       = {http://arxiv.org/abs/1912.01603},
    eprinttype = {arXiv},
    eprint    = {1912.01603},
    timestamp = {Tue, 07 Jan 2020 13:36:12 +0100},
    biburl    = {https://dblp.org/rec/journals/corr/abs-1912-01603.bib},
    bibsource = {dblp computer science bibliography, https://dblp.org}
}

@article{latent_dynamics,
    author    = {Danijar Hafner and
                 Timothy P. Lillicrap and
                 Ian Fischer and
                 Ruben Villegas and
                 David Ha and
                 Honglak Lee and
                 James Davidson},
    title     = {Learning Latent Dynamics for Planning from Pixels},
    journal   = {CoRR},
    volume    = {abs/1811.04551},
    year      = {2018},
    url       = {http://arxiv.org/abs/1811.04551},
    eprinttype = {arXiv},
    eprint    = {1811.04551},
    timestamp = {Fri, 23 Nov 2018 12:43:51 +0100},
    biburl    = {https://dblp.org/rec/journals/corr/abs-1811-04551.bib},
    bibsource = {dblp computer science bibliography, https://dblp.org}
}

@article{dense_physics,
    author    = {Zhenjia Xu and
                 Jiajun Wu and
                 Andy Zeng and
                 Joshua B. Tenenbaum and
                 Shuran Song},
    title     = {DensePhysNet: Learning Dense Physical Object Representations via Multi-step
                 Dynamic Interactions},
    journal   = {CoRR},
    volume    = {abs/1906.03853},
    year      = {2019},
    url       = {http://arxiv.org/abs/1906.03853},
    eprinttype = {arXiv},
    eprint    = {1906.03853},
    timestamp = {Fri, 14 Jun 2019 09:38:24 +0200},
    biburl    = {https://dblp.org/rec/journals/corr/abs-1906-03853.bib},
    bibsource = {dblp computer science bibliography, https://dblp.org}
}

@INPROCEEDINGS{3d_detection,
    author={Finman, Ross and Whelan, Thomas and Kaess, Michael and Leonard, John J.},
    booktitle={2013 European Conference on Mobile Robots},
    title={Toward lifelong object segmentation from change detection in dense RGB-D maps},
    year={2013},
    volume={},
    number={},
    pages={178-185},
    doi={10.1109/ECMR.2013.6698839}
}
